@article{sutskever2014,
	author    = {Ilya Sutskever and
	Oriol Vinyals and
	Quoc V. Le},
	title     = {Sequence to Sequence Learning with Neural Networks},
	journal   = {CoRR},
	volume    = {abs/1409.3215},
	year      = {2014},
	url       = {http://arxiv.org/abs/1409.3215},
	timestamp = {Wed, 07 Jun 2017 14:40:10 +0200},
	biburl    = {http://dblp.uni-trier.de/rec/bib/journals/corr/SutskeverVL14},
	bibsource = {dblp computer science bibliography, http://dblp.org}
}


@article{cho2014,
	author    = {Kyunghyun Cho and
	Bart van Merrienboer and
	{\c{C}}aglar G{\"{u}}l{\c{c}}ehre and
	Fethi Bougares and
	Holger Schwenk and
	Yoshua Bengio},
	title     = {Learning Phrase Representations using {RNN} Encoder-Decoder for Statistical
	Machine Translation},
	journal   = {CoRR},
	volume    = {abs/1406.1078},
	year      = {2014},
	url       = {http://arxiv.org/abs/1406.1078},
	timestamp = {Wed, 07 Jun 2017 14:43:08 +0200},
	biburl    = {http://dblp.uni-trier.de/rec/bib/journals/corr/ChoMGBSB14},
	bibsource = {dblp computer science bibliography, http://dblp.org}
}

@article{hochreiter1997,
	author = {Hochreiter, Sepp and Schmidhuber, J\"{u}rgen},
	title = {Long Short-Term Memory},
	journal = {Neural Computation},
	issue_date = {November 15, 1997},
	volume = {9},
	number = {8},
	month = nov,
	year = {1997},
	issn = {0899-7667},
	pages = {1735--1780},
	numpages = {46},
	url = {http://dx.doi.org/10.1162/neco.1997.9.8.1735},
	doi = {10.1162/neco.1997.9.8.1735},
	acmid = {1246450},
	publisher = {MIT Press},
	address = {Cambridge, MA, USA},
} 
@article{zaremba2014,
	author    = {Wojciech Zaremba and
	Ilya Sutskever and
	Oriol Vinyals},
	title     = {Recurrent Neural Network Regularization},
	journal   = {CoRR},
	volume    = {abs/1409.2329},
	year      = {2014},
	url       = {http://arxiv.org/abs/1409.2329},
	timestamp = {Wed, 07 Jun 2017 14:41:43 +0200},
	biburl    = {http://dblp.uni-trier.de/rec/bib/journals/corr/ZarembaSV14},
	bibsource = {dblp computer science bibliography, http://dblp.org}
}

@article{srivastava2014,
	author  = {Nitish Srivastava and Geoffrey Hinton and Alex Krizhevsky and Ilya Sutskever and Ruslan Salakhutdinov},
	title   = {Dropout: A Simple Way to Prevent Neural Networks from Overfitting},
	journal = {Journal of Machine Learning Research},
	year    = {2014},
	volume  = {15},
	pages   = {1929-1958},
	url     = {http://jmlr.org/papers/v15/srivastava14a.html}
}

@article{kingma,
	author    = {Diederik P. Kingma and
	Jimmy Ba},
	title     = {Adam: {A} Method for Stochastic Optimization},
	journal   = {CoRR},
	volume    = {abs/1412.6980},
	year      = {2014},
	url       = {http://arxiv.org/abs/1412.6980},
	timestamp = {Wed, 07 Jun 2017 14:40:52 +0200},
	biburl    = {http://dblp.uni-trier.de/rec/bib/journals/corr/KingmaB14},
	bibsource = {dblp computer science bibliography, http://dblp.org}
}

@article{hsu,
	author    = {Daniel Hsu},
	title     = {Time Series Compression Based on Adaptive Piecewise Recurrent Autoencoder},
	journal   = {CoRR},
	volume    = {abs/1707.07961},
	year      = {2017},
	url       = {http://arxiv.org/abs/1707.07961},
	archivePrefix = {arXiv},
	eprint    = {1707.07961},
	timestamp = {Sat, 05 Aug 2017 14:56:22 +0200},
	biburl    = {http://dblp.org/rec/bib/journals/corr/Hsu17a},
	bibsource = {dblp computer science bibliography, http://dblp.org}
}

@article{malhotra,
	author    = {Pankaj Malhotra and
	Vishnu TV and
	Lovekesh Vig and
	Puneet Agarwal and
	Gautam Shroff},
	title     = {TimeNet: Pre-trained deep recurrent neural network for time series
	classification},
	journal   = {CoRR},
	volume    = {abs/1706.08838},
	year      = {2017},
	url       = {http://arxiv.org/abs/1706.08838},
	archivePrefix = {arXiv},
	eprint    = {1706.08838},
	timestamp = {Mon, 03 Jul 2017 13:29:02 +0200},
	biburl    = {http://dblp.org/rec/bib/journals/corr/MalhotraTVAS17},
	bibsource = {dblp computer science bibliography, http://dblp.org}
}

@article{chung,
	author    = {Yu{-}An Chung and
	Chao{-}Chung Wu and
	Chia{-}Hao Shen and
	Hung{-}yi Lee and
	Lin{-}Shan Lee},
	title     = {Audio Word2Vec: Unsupervised Learning of Audio Segment Representations
	using Sequence-to-sequence Autoencoder},
	journal   = {CoRR},
	volume    = {abs/1603.00982},
	year      = {2016},
	url       = {http://arxiv.org/abs/1603.00982},
	archivePrefix = {arXiv},
	eprint    = {1603.00982},
	timestamp = {Wed, 07 Jun 2017 14:42:34 +0200},
	biburl    = {http://dblp.org/rec/bib/journals/corr/ChungWSLL16},
	bibsource = {dblp computer science bibliography, http://dblp.org}
}
@Article{bakeoff,
	author="Bagnall, Anthony
	and Lines, Jason
	and Bostrom, Aaron
	and Large, James
	and Keogh, Eamonn",
	title="The great time series classification bake off: a review and experimental evaluation of recent algorithmic advances",
	journal="Data Mining and Knowledge Discovery",
	year="2017",
	month="May",
	day="01",
	volume="31",
	number="3",
	pages="606--660",
	issn="1573-756X",
	doi="10.1007/s10618-016-0483-9",
	url="https://doi.org/10.1007/s10618-016-0483-9"
}

@Article{shokoohi,
	author="Shokoohi-Yekta, Mohammad
	and Hu, Bing
	and Jin, Hongxia
	and Wang, Jun
	and Keogh, Eamonn",
	title="Generalizing DTW to the multi-dimensional case requires an adaptive approach",
	journal="Data Mining and Knowledge Discovery",
	year="2017",
	month="Jan",
	day="01",
	volume="31",
	number="1",
	pages="1--31",
	issn="1573-756X",
	doi="10.1007/s10618-016-0455-0",
	url="https://doi.org/10.1007/s10618-016-0455-0"
}
@INPROCEEDINGS{ko, 
	author={Ming Hsiao Ko and G. West and S. Venkatesh and M. Kumar}, 
	booktitle={2005 International Conference on Intelligent Sensors, Sensor Networks and Information Processing}, 
	title={Online Context Recognition in Multisensor Systems using Dynamic Time Warping}, 
	year={2005}, 
	volume={}, 
	number={}, 
	pages={283-288}, 
	keywords={Accelerometers;Computer science;Embedded computing;Hidden Markov models;Multimodal sensors;Multisensor systems;Performance evaluation;Pervasive computing;Sensor systems;Speech recognition}, 
	doi={10.1109/ISSNIP.2005.1595593}, 
	ISSN={}, 
	month={Dec},}

@ARTICLE{petitjean, 
	author={F. Petitjean and J. Inglada and P. Gancarski}, 
	journal={IEEE Transactions on Geoscience and Remote Sensing}, 
	title={Satellite Image Time Series Analysis Under Time Warping}, 
	year={2012}, 
	volume={50}, 
	number={8}, 
	pages={3081-3095}, 
	keywords={geophysical image processing;terrain mapping;time series;time warp simulation;vegetation mapping;clouds;dynamic time warping;irregularly sampled series;land cover maps;land use maps;meteorological phenomena;optical imagery;satellite image time series analysis;temporal sampling;Euclidean distance;Radiometry;Remote sensing;Satellites;Spatial resolution;Time measurement;Time series analysis;Classification;clustering;dynamic time warping;remote sensing;satellite image time series (SITS)}, 
	doi={10.1109/TGRS.2011.2179050}, 
	ISSN={0196-2892}, 
	month={Aug},}

@INPROCEEDINGS{liu, 
	author={J. Liu and Z. Wang and L. Zhong and J. Wickramasuriya and V. Vasudevan}, 
	booktitle={2009 IEEE International Conference on Pervasive Computing and Communications}, 
	title={uWave: Accelerometer-based personalized gesture recognition and its applications}, 
	year={2009}, 
	volume={}, 
	number={}, 
	pages={1-9}, 
	keywords={accelerometers;authorisation;gesture recognition;mobile radio;statistical analysis;user interfaces;accelerometer-based personalized gesture recognition;consumer electronics;gesture vocabulary;gesture-based user authentication;gesture-based user interaction;mobile devices;mobile user interfaces;statistical methods;uWave;Accelerometers;Application software;Computer vision;Consumer electronics;Hardware;Libraries;Microcontrollers;Pervasive computing;Statistical analysis;Vocabulary;acceleration;dynamic time warping;gesture recognition;personalized gesture}, 
	doi={10.1109/PERCOM.2009.4912759}, 
	ISSN={}, 
	month={March},}

@article{wang,
	author = {Wang, Jun and Balasubramanian, Arvind and Mojica de la Vega, Luis and Green, Jordan and Samal, Ashok and Prabhakaran, Balakrishnan},
	year = {2013},
	month = {08},
	pages = {},
	title = {Word Recognition from Continuous Articulatory Movement Time-Series Data using Symbolic Representations}
}

@article{holt,
	author = {ten Holt, Gineke and Reinders, Marcel and Hendriks, Emile},
	year = {2007},
	month = {01},
	pages = {},
	title = {Multi-dimensional dynamic time warping for gesture recognition},
	booktitle = {Annual Conference of the Advanced School for Computing and Imaging}
}


@article{srivastava-et-al,
	author    = {Nitish Srivastava and
	Elman Mansimov and
	Ruslan Salakhutdinov},
	title     = {Unsupervised Learning of Video Representations using LSTMs},
	journal   = {CoRR},
	volume    = {abs/1502.04681},
	year      = {2015},
	url       = {http://arxiv.org/abs/1502.04681},
	archivePrefix = {arXiv},
	eprint    = {1502.04681},
	timestamp = {Wed, 07 Jun 2017 14:41:19 +0200},
	biburl    = {http://dblp.org/rec/bib/journals/corr/SrivastavaMS15},
	bibsource = {dblp computer science bibliography, http://dblp.org}
}

@article{davino,
	author    = {Dario D'Avino and
	Davide Cozzolino and
	Giovanni Poggi and
	Luisa Verdoliva},
	title     = {Autoencoder with recurrent neural networks for video forgery detection},
	journal   = {CoRR},
	volume    = {abs/1708.08754},
	year      = {2017},
	url       = {http://arxiv.org/abs/1708.08754},
	archivePrefix = {arXiv},
	eprint    = {1708.08754},
	timestamp = {Tue, 05 Sep 2017 10:03:46 +0200},
	biburl    = {http://dblp.org/rec/bib/journals/corr/abs-1708-08754},
	bibsource = {dblp computer science bibliography, http://dblp.org}
}

@ARTICLE{lee-d,
	author = {{Lee}, D.},
	title = "{Anomaly Detection in Multivariate Non-stationary Time Series for Automatic DBMS Diagnosis}",
	journal = {ArXiv e-prints},
	archivePrefix = "arXiv",
	eprint = {1708.02635},
	primaryClass = "stat.ML",
	keywords = {Statistics - Machine Learning, Computer Science - Learning, Statistics - Applications},
	year = 2017,
	month = aug,
	adsurl = {http://adsabs.harvard.edu/abs/2017arXiv170802635L},
	adsnote = {Provided by the SAO/NASA Astrophysics Data System}
}


@Article{vlachos,
	author="Vlachos, Michail
	and Hadjieleftheriou, Marios
	and Gunopulos, Dimitrios
	and Keogh, Eamonn",
	title="Indexing Multidimensional Time-Series",
	journal="The VLDB Journal",
	year="2006",
	month="Jan",
	day="01",
	volume="15",
	number="1",
	pages="1--20",
	issn="0949-877X",
	doi="10.1007/s00778-004-0144-2",
	url="https://doi.org/10.1007/s00778-004-0144-2"
}
@inproceedings{gillian,
	title={Recognition Of Multivariate Temporal Musical Gestures Using N-Dimensional Dynamic Time Warping},
	author={Nicholas Edward Gillian and R. Benjamin Knapp and M. Sile O'Modhrain},
	booktitle={NIME},
	year={2011}
}


@article{giorgino,
	author = {Toni Giorgino},
	title = {Computing and Visualizing Dynamic Time Warping Alignments in R: The dtw Package},
	journal = {Journal of Statistical Software, Articles},
	volume = {31},
	number = {7},
	year = {2009},
	keywords = {},
	issn = {1548-7660},
	pages = {1--24},
	doi = {10.18637/jss.v031.i07},
	url = {https://www.jstatsoft.org/v031/i07}
}

@misc{olah,
	author = {Olah, Christopher},
	title = {Understanding LSTM Networks},
	journal = {colah's blog},
	type = {Blog},
	number = {August 27},
	year = {2015},
	url = {http://colah.github.io/posts/2015-08-Understanding-LSTMs/}
}